<record><leader>00000cas a22000007a 4500</leader><controlfield tag="001">50237646</controlfield><controlfield tag="008">020725d19uu19uuvauwr ne      0    0eng d</controlfield><datafield ind1=" " ind2=" " tag="010"><subfield code="a">sn2002061845</subfield></datafield><datafield ind1=" " ind2=" " tag="040"><subfield code="a">NVK</subfield><subfield code="b">eng</subfield><subfield code="c">NVK</subfield><subfield code="d">OCLCQ</subfield><subfield code="d">OCLCF</subfield><subfield code="d">OCLCO</subfield></datafield><datafield ind1="1" ind2=" " tag="029"><subfield code="a">AU@</subfield><subfield code="b">000023790341</subfield></datafield><datafield ind1=" " ind2=" " tag="042"><subfield code="a">msc</subfield></datafield><datafield ind1=" " ind2=" " tag="043"><subfield code="a">n-us-va</subfield></datafield><datafield ind1="0" ind2="0" tag="245"><subfield code="a">Westmoreland inquirer and Colonial Beach record.</subfield></datafield><datafield ind1=" " ind2=" " tag="260"><subfield code="a">Colonial Beach, Va. :</subfield><subfield code="b">Westmoreland Pub. Co.</subfield></datafield><datafield ind1=" " ind2=" " tag="300"><subfield code="a">v.</subfield></datafield><datafield ind1=" " ind2=" " tag="310"><subfield code="a">Weekly</subfield></datafield><datafield ind1=" " ind2=" " tag="580"><subfield code="a">Formed by the union of: Westmoreland inquirer and Colonial Beach record. Cf. Cappon, L.J.</subfield></datafield><datafield ind1=" " ind2=" " tag="588"><subfield code="a">Description based on: Vol. 6, no. 3 (Dec. 6, 1912).</subfield></datafield><datafield ind1=" " ind2=" " tag="588"><subfield code="a">Latest issue consulted: Vol. 6, no. 3 (Dec. 6, 1912).</subfield></datafield><datafield ind1=" " ind2="0" tag="651"><subfield code="a">Colonial Beach (Va.)</subfield><subfield code="v">Newspapers.</subfield></datafield><datafield ind1=" " ind2="0" tag="651"><subfield code="a">Westmoreland County (Va.)</subfield><subfield code="v">Newspapers.</subfield></datafield><datafield ind1=" " ind2="7" tag="655"><subfield code="a">Newspapers.</subfield><subfield code="2">fast</subfield><subfield code="0">(OCoLC)fst01423814</subfield></datafield><datafield ind1=" " ind2="7" tag="651"><subfield code="a">Virginia</subfield><subfield code="z">Colonial Beach.</subfield><subfield code="2">fast</subfield><subfield code="0">(OCoLC)fst01239366</subfield></datafield><datafield ind1=" " ind2="7" tag="651"><subfield code="a">Virginia</subfield><subfield code="z">Westmoreland County.</subfield><subfield code="2">fast</subfield><subfield code="0">(OCoLC)fst01219330</subfield></datafield><datafield ind1=" " ind2=" " tag="752"><subfield code="a">United States</subfield><subfield code="b">Virginia</subfield><subfield code="c">Westmoreland</subfield><subfield code="d">Colonial Beach.</subfield></datafield><datafield ind1="1" ind2="4" tag="780"><subfield code="t">Westmoreland inquirer</subfield></datafield><datafield ind1="1" ind2="4" tag="780"><subfield code="t">Colonial Beach record</subfield></datafield></record>